%% This BibTeX bibliography file was created using BibDesk.
%% http://bibdesk.sourceforge.net/

%% Created for Jasneet Singh Sawhney at 2017-08-31 15:39:38 +0530 


%% Saved with string encoding Unicode (UTF-8) 



@book{ref:three,
	Date-Added = {2017-08-31 10:08:50 +0000},
	Date-Modified = {2017-08-31 10:09:27 +0000},
	Month = {September},
	Publisher = {J k Williams},
	Title = {The Model},
	Year = {2005}}

@book{ref:Spoof_two,
	Date-Added = {2017-08-31 09:51:50 +0000},
	Date-Modified = {2017-08-31 09:52:47 +0000},
	Publisher = {Anonymous},
	Title = {The Exciting world of Algorithms},
	Year = {2015}}

@book{ref:Spoof,
	Date-Added = {2017-08-31 09:43:53 +0000},
	Date-Modified = {2017-08-31 09:44:35 +0000},
	Month = {July},
	Publisher = {An Publishing Inc.},
	Title = {The Robust}}
